<collection xmlns="http://www.loc.gov/MARC21/slim">
<record>
  <leader>00814nam0a2200181 i 450 </leader>
  <controlfield tag="001">IT\ICCU\CNCE\052617</controlfield>
  <controlfield tag="005">20150612000000.0</controlfield>
  <datafield tag="012" ind1=" " ind2=" ">
    <subfield code="a">ene- zaa- r-e. arLi (C) 1587 (A)</subfield>
    <subfield code="2">fei</subfield>
  </datafield>
  <datafield tag="100" ind1=" " ind2=" ">
    <subfield code="a">20020129d1587        0itac0103    ba</subfield>
  </datafield>
  <datafield tag="101" ind1=" " ind2=" ">
    <subfield code="a">ITA</subfield>
  </datafield>
  <datafield tag="102" ind1=" " ind2=" ">
    <subfield code="a">IT</subfield>
  </datafield>
  <datafield tag="200" ind1="1" ind2=" ">
    <subfield code="a">Discorso intorno la morte del serenissimo duca di Parma, e di Piacenza. Nel qual si dichiara a pieno, come sia stata l&apos;infermit,̉ &amp; il miracoloso miglioramento che fece, &amp; altre cose vtili, e degne di memoria. Nuouamente composto da un reuerendo padre Gesuiti (!)</subfield>
  </datafield>
  <datafield tag="210" ind1=" " ind2=" ">
    <subfield code="a">Stampata in Parma</subfield>
    <subfield code="c">appresso Filandro Calestani</subfield>
    <subfield code="d">1587</subfield>
  </datafield>
  <datafield tag="215" ind1=" " ind2=" ">
    <subfield code="a">\4! c.</subfield>
    <subfield code="d">4ʻ</subfield>
  </datafield>
  <datafield tag="620" ind1=" " ind2=" ">
    <subfield code="a">IT</subfield>
    <subfield code="d">Parma</subfield>
  </datafield>
  <datafield tag="712" ind1="0" ind2="0">
    <subfield code="a">Calestani, Filandro</subfield>
    <subfield code="3">IT\ICCU\CNCT\003850</subfield>
    <subfield code="4">650</subfield>
  </datafield>
  <datafield tag="801" ind1=" " ind2="3">
    <subfield code="a">IT</subfield>
    <subfield code="b">ICCU</subfield>
    <subfield code="c">20201115</subfield>
  </datafield>
  <datafield tag="899" ind1=" " ind2=" ">
    <subfield code="a">Biblioteca dell&apos;Archivio di Stato di Parma. Parma</subfield>
    <subfield code="1">PR0040</subfield>
    <subfield code="2">PAR AR</subfield>
  </datafield>
</record>
</collection>
